<record><leader>00000cas a2200000 a 4500</leader><controlfield tag="001">37529722</controlfield><controlfield tag="008">970826d191019uuorucr ne      0    0eng c</controlfield><datafield ind1=" " ind2=" " tag="010"><subfield code="a">sn 96088105 </subfield></datafield><datafield ind1=" " ind2=" " tag="040"><subfield code="a">OCN</subfield><subfield code="b">eng</subfield><subfield code="c">OCN</subfield><subfield code="d">OCLCQ</subfield><subfield code="d">ORU</subfield><subfield code="d">OCLCQ</subfield><subfield code="d">ORU</subfield><subfield code="d">OCLCF</subfield><subfield code="d">OCLCO</subfield></datafield><datafield ind1="1" ind2=" " tag="029"><subfield code="a">AU@</subfield><subfield code="b">000013433391</subfield></datafield><datafield ind1=" " ind2=" " tag="042"><subfield code="a">pcc</subfield></datafield><datafield ind1=" " ind2=" " tag="043"><subfield code="a">n-us-or</subfield></datafield><datafield ind1="0" ind2="4" tag="245"><subfield code="a">The Twice-a week guard.</subfield></datafield><datafield ind1="1" ind2="3" tag="246"><subfield code="a">Semiweekly guard</subfield></datafield><datafield ind1=" " ind2=" " tag="260"><subfield code="a">Eugene, Or. :</subfield><subfield code="b">C.H. Fisher,</subfield><subfield code="c">1910-</subfield></datafield><datafield ind1=" " ind2=" " tag="300"><subfield code="a">v.</subfield></datafield><datafield ind1=" " ind2=" " tag="310"><subfield code="a">Semiweekly</subfield></datafield><datafield ind1="0" ind2=" " tag="362"><subfield code="a">Vol. 44, no. 40 (Oct. 3, 1910)-</subfield></datafield><datafield ind1=" " ind2=" " tag="530"><subfield code="a">Also available on microfilm from University of Oregon.</subfield></datafield><datafield ind1=" " ind2=" " tag="530"><subfield code="a">Also available online.</subfield></datafield><datafield ind1=" " ind2=" " tag="580"><subfield code="a">Daily ed.: Eugene daily guard, 1910-&lt;1914&gt;.</subfield></datafield><datafield ind1=" " ind2=" " tag="588"><subfield code="a">Latest issue consulted: Vol. 48, no. 18 (Mar. 5, 1914).</subfield></datafield><datafield ind1=" " ind2="0" tag="651"><subfield code="a">Eugene (Or.)</subfield><subfield code="v">Newspapers.</subfield></datafield><datafield ind1=" " ind2="0" tag="651"><subfield code="a">Lane County (Or.)</subfield><subfield code="v">Newspapers.</subfield></datafield><datafield ind1=" " ind2="7" tag="655"><subfield code="a">Newspapers.</subfield><subfield code="2">fast</subfield><subfield code="0">(OCoLC)fst01423814</subfield></datafield><datafield ind1=" " ind2="7" tag="651"><subfield code="a">Oregon</subfield><subfield code="z">Eugene.</subfield><subfield code="2">fast</subfield><subfield code="0">(OCoLC)fst01205922</subfield></datafield><datafield ind1=" " ind2="7" tag="651"><subfield code="a">Oregon</subfield><subfield code="z">Lane County.</subfield><subfield code="2">fast</subfield><subfield code="0">(OCoLC)fst01208163</subfield></datafield><datafield ind1=" " ind2=" " tag="752"><subfield code="a">United States</subfield><subfield code="b">Oregon</subfield><subfield code="c">Lane</subfield><subfield code="d">Eugene.</subfield></datafield><datafield ind1="1" ind2=" " tag="775"><subfield code="t">Eugene daily guard</subfield><subfield code="w">(DLC)sn 96088107</subfield><subfield code="w">(OCoLC)37529737</subfield></datafield><datafield ind1="0" ind2="0" tag="780"><subfield code="t">Eugene weekly guard (Eugene, Or.)</subfield><subfield code="w">(DLC)sn 96088104</subfield><subfield code="w">(OCoLC)37529714</subfield></datafield><datafield ind1="4" ind2="1" tag="856"><subfield code="u">http://news.google.com/newspapers?nid=4pF9x-cDGsoC&amp;dat=19120111&amp;printsec=frontpage&amp;hl=en</subfield><subfield code="z">Google News Archive</subfield></datafield></record>